@article{goodfellow2014,
author = {Ian J. Goodfellow and Jonathon Shlens and Christian Szegedy},
title = {Explaining and Harnessing Adversarial Examples},
year = {2014},
eprint = {arXiv:1412.6572},
}
